@book{fristedt2013modern,
  title={A Modern Approach to Probability Theory},
  author={Fristedt, B.E. and Gray, L.F.},
  isbn={9781489928375},
  series={Probability and Its Applications},
  url={https://books.google.ba/books?id=9xT3BwAAQBAJ},
  year={2013},
  publisher={Birkh{\"a}user Boston}
}
